@book{Kurose2017,
    title       = "Computer Networking: A Top-Down Approach",
    author      = "Kurose, J. F. and Ross, K. W.",
    publisher   = "Pearson",
    year        =  2021,
    edition     = "{8th}",
    note        = "{Chapters 1, 2, 3, 4, 5 \& 6}"
}

@book{Donahoo-Kenneth2002,
    title       = {TCP/IP Sockets in C: Practical Guide for Programmers},
    author      = {Donahoo, S. J. and Calvert, Kenneth L.},
    publisher   = {Morgan Kaufmann Publishers Inc.},
    year        = 2009,
    edition     = "{2nd}"
}

@book{Stevens:Sockets1998,
    title       = {UNIX Network Programming: Networking APIs: Sockets and XTI (Volume 1)},
    author      = {W. Richard Stevens},
    publisher   = {Prentice Hall},
    year        = 1998,
    edition     = "{2nd}"
}

@misc{slidesSobrinho,
    author       = {G. Sobrinho, Jo√£o L. C. C.},
    title        = "{"Acetatos de Redes de Computadores e Internet"}",
    year         = "2022-2023"
}